<record><leader>00000cas a2200000 a 4500</leader><controlfield tag="001">23606502</controlfield><controlfield tag="008">910425d1926197unyuwr ne      0    0eng c</controlfield><datafield ind1=" " ind2=" " tag="010"><subfield code="a">sn 91066446 </subfield></datafield><datafield ind1=" " ind2=" " tag="040"><subfield code="a">NYS</subfield><subfield code="b">eng</subfield><subfield code="c">NYS</subfield><subfield code="d">OCLCQ</subfield><subfield code="d">OCLCF</subfield><subfield code="d">OCLCO</subfield></datafield><datafield ind1="1" ind2=" " tag="029"><subfield code="a">AU@</subfield><subfield code="b">000025908139</subfield></datafield><datafield ind1=" " ind2=" " tag="042"><subfield code="a">pcc</subfield></datafield><datafield ind1=" " ind2=" " tag="043"><subfield code="a">n-us-ny</subfield></datafield><datafield ind1="0" ind2="0" tag="245"><subfield code="a">Depew herald and Cheektowaga news.</subfield></datafield><datafield ind1="1" ind2=" " tag="246"><subfield code="i">Contains section titled:</subfield><subfield code="a">Ti-o-run-da Maryvale news</subfield></datafield><datafield ind1="1" ind2="3" tag="246"><subfield code="a">Herald and news</subfield></datafield><datafield ind1=" " ind2=" " tag="260"><subfield code="a">Depew, Erie County, N.Y. :</subfield><subfield code="b">Frank A. Taber Jr.</subfield></datafield><datafield ind1=" " ind2=" " tag="300"><subfield code="a">v. ;</subfield><subfield code="c">57 cm.</subfield></datafield><datafield ind1=" " ind2=" " tag="310"><subfield code="a">Weekly</subfield></datafield><datafield ind1="1" ind2=" " tag="362"><subfield code="a">Began in 1926?</subfield></datafield><datafield ind1=" " ind2=" " tag="588"><subfield code="a">Description based on: Apr. 19, 1945.</subfield></datafield><datafield ind1=" " ind2="0" tag="651"><subfield code="a">Depew (N.Y.)</subfield><subfield code="v">Newspapers.</subfield></datafield><datafield ind1=" " ind2="0" tag="651"><subfield code="a">Cheektowaga (N.Y.)</subfield><subfield code="v">Newspapers.</subfield></datafield><datafield ind1=" " ind2="0" tag="651"><subfield code="a">Erie County (N.Y.)</subfield><subfield code="v">Newspapers.</subfield></datafield><datafield ind1=" " ind2="7" tag="655"><subfield code="a">Newspapers.</subfield><subfield code="2">fast</subfield><subfield code="0">(OCoLC)fst01423814</subfield></datafield><datafield ind1=" " ind2="7" tag="651"><subfield code="a">New York (State)</subfield><subfield code="z">Cheektowaga.</subfield><subfield code="2">fast</subfield><subfield code="0">(OCoLC)fst01209941</subfield></datafield><datafield ind1=" " ind2="7" tag="651"><subfield code="a">New York (State)</subfield><subfield code="z">Depew.</subfield><subfield code="2">fast</subfield><subfield code="0">(OCoLC)fst01215108</subfield></datafield><datafield ind1=" " ind2="7" tag="651"><subfield code="a">New York (State)</subfield><subfield code="z">Erie County.</subfield><subfield code="2">fast</subfield><subfield code="0">(OCoLC)fst01202692</subfield></datafield><datafield ind1=" " ind2=" " tag="752"><subfield code="a">United States</subfield><subfield code="b">New York</subfield><subfield code="c">Erie</subfield><subfield code="d">Depew.</subfield></datafield><datafield ind1="0" ind2=" " tag="775"><subfield code="t">Cheektowaga news (Depew, N.Y.)</subfield><subfield code="g">&lt;1972-1974&gt;</subfield><subfield code="w">(DLC)sn 98067591</subfield><subfield code="w">(OCoLC)39031224</subfield></datafield><datafield ind1="0" ind2="4" tag="780"><subfield code="t">Depew herald (Depew, N.Y. : 1893)</subfield><subfield code="w">(DLC)sn 85038684</subfield><subfield code="w">(OCoLC)12957673</subfield></datafield><datafield ind1="0" ind2="4" tag="780"><subfield code="t">Cheektowaga news</subfield></datafield><datafield ind1="0" ind2="0" tag="785"><subfield code="t">Depew herald (Depew, N.Y. : 1977)</subfield><subfield code="w">(DLC)sn 98067592</subfield><subfield code="w">(OCoLC)39031445</subfield></datafield></record>